 @misc{example, 
   title={This is an example reference, you may delete this},
   journal={Some journal 1}, 
   year={2023},
   author={Doe, Jane P.}
}

